[
  {
    "e": "trade",
    "E": 1705643297846,
    "s": "BTCUSDT",
    "t": 3379886300,
    "p": "41207.53000000",
    "q": "0.00856000",
    "b": 24393573199,
    "a": 24393572703,
    "T": 1705643297845,
    "m": false,
    "M": true
  },
  {
    "e": "trade",
    "E": 1705643297846,
    "s": "BTCUSDT",
    "t": 3379886301,
    "p": "41207.53000000",
    "q": "0.00149000",
    "b": 24393573199,
    "a": 24393572751,
    "T": 1705643297845,
    "m": false,
    "M": true
  },
  {
    "e": "trade",
    "E": 1705643297846,
    "s": "BTCUSDT",
    "t": 3379886302,
    "p": "41207.53000000",
    "q": "0.00357000",
    "b": 24393573199,
    "a": 24393572926,
    "T": 1705643297845,
    "m": false,
    "M": true
  },
  {
    "e": "trade",
    "E": 1705643297846,
    "s": "BTCUSDT",
    "t": 3379886303,
    "p": "41207.53000000",
    "q": "0.00140000",
    "b": 24393573199,
    "a": 24393572985,
    "T": 1705643297845,
    "m": false,
    "M": true
  },
  {
    "e": "trade",
    "E": 1705643297846,
    "s": "BTCUSDT",
    "t": 3379886304,
    "p": "41207.53000000",
    "q": "0.00550000",
    "b": 24393573199,
    "a": 24393573031,
    "T": 1705643297845,
    "m": false,
    "M": true
  },
  {
    "e": "trade",
    "E": 1705643297846,
    "s": "BTCUSDT",
    "t": 3379886305,
    "p": "41207.53000000",
    "q": "0.00034000",
    "b": 24393573199,
    "a": 24393573086,
    "T": 1705643297845,
    "m": false,
    "M": true
  },
  {
    "e": "trade",
    "E": 1705643297846,
    "s": "BTCUSDT",
    "t": 3379886306,
    "p": "41207.53000000",
    "q": "0.00249000",
    "b": 24393573199,
    "a": 24393573186,
    "T": 1705643297845,
    "m": false,
    "M": true
  },
  {
    "e": "trade",
    "E": 1705643297846,
    "s": "BTCUSDT",
    "t": 3379886307,
    "p": "41207.53000000",
    "q": "0.00034000",
    "b": 24393573199,
    "a": 24393573086,
    "T": 1705643297845,
    "m": false,
    "M": true
  },
  {
    "e": "trade",
    "E": 1705643297846,
    "s": "BTCUSDT",
    "t": 3379886308,
    "p": "41207.53000000",
    "q": "0.00034000",
    "b": 24393573199,
    "a": 24393573086,
    "T": 1705643297845,
    "m": false,
    "M": true
  },
  {
    "e": "trade",
    "E": 1705643297846,
    "s": "BTCUSDT",
    "t": 3379886309,
    "p": "41207.53000000",
    "q": "0.00034000",
    "b": 24393573199,
    "a": 24393573086,
    "T": 1705643297845,
    "m": false,
    "M": true
  },
  {
    "e": "trade",
    "E": 1705643297846,
    "s": "BTCUSDT",
    "t": 3379886310,
    "p": "41207.53000000",
    "q": "0.00034000",
    "b": 24393573199,
    "a": 24393573086,
    "T": 1705643297845,
    "m": false,
    "M": true
  },
  {
    "e": "trade",
    "E": 1705643297846,
    "s": "BTCUSDT",
    "t": 3379886311,
    "p": "41207.53000000",
    "q": "0.00034000",
    "b": 24393573199,
    "a": 24393573086,
    "T": 1705643297845,
    "m": false,
    "M": true
  },
  {
    "e": "trade",
    "E": 1705643297846,
    "s": "BTCUSDT",
    "t": 3379886312,
    "p": "41207.53000000",
    "q": "0.00034000",
    "b": 24393573199,
    "a": 24393573086,
    "T": 1705643297845,
    "m": false,
    "M": true
  },
  {
    "e": "trade",
    "E": 1705643297846,
    "s": "BTCUSDT",
    "t": 3379886313,
    "p": "41207.53000000",
    "q": "0.00034000",
    "b": 24393573199,
    "a": 24393573086,
    "T": 1705643297845,
    "m": false,
    "M": true
  },
  {
    "e": "trade",
    "E": 1705643297846,
    "s": "BTCUSDT",
    "t": 3379886314,
    "p": "41207.53000000",
    "q": "0.00034000",
    "b": 24393573199,
    "a": 24393573086,
    "T": 1705643297845,
    "m": false,
    "M": true
  },
  {
    "e": "trade",
    "E": 1705643297846,
    "s": "BTCUSDT",
    "t": 3379886315,
    "p": "41207.53000000",
    "q": "0.00034000",
    "b": 24393573199,
    "a": 24393573086,
    "T": 1705643297845,
    "m": false,
    "M": true
  },
  {
    "e": "trade",
    "E": 1705643297846,
    "s": "BTCUSDT",
    "t": 3379886316,
    "p": "41207.77000000",
    "q": "0.00031000",
    "b": 24393573199,
    "a": 24393570120,
    "T": 1705643297845,
    "m": false,
    "M": true
  },
  {
    "e": "trade",
    "E": 1705643297846,
    "s": "BTCUSDT",
    "t": 3379886317,
    "p": "41208.01000000",
    "q": "0.00031000",
    "b": 24393573199,
    "a": 24393570568,
    "T": 1705643297845,
    "m": false,
    "M": true
  },
  {
    "e": "trade",
    "E": 1705643297846,
    "s": "BTCUSDT",
    "t": 3379886318,
    "p": "41208.04000000",
    "q": "0.24295000",
    "b": 24393573199,
    "a": 24393573175,
    "T": 1705643297845,
    "m": false,
    "M": true
  },
  {
    "e": "trade",
    "E": 1705643297846,
    "s": "BTCUSDT",
    "t": 3379886319,
    "p": "41208.04000000",
    "q": "0.24020000",
    "b": 24393573199,
    "a": 24393573177,
    "T": 1705643297845,
    "m": false,
    "M": true
  },
  {
    "e": "trade",
    "E": 1705643297847,
    "s": "BTCUSDT",
    "t": 3379886320,
    "p": "41208.04000000",
    "q": "0.00275000",
    "b": 24393573200,
    "a": 24393573177,
    "T": 1705643297845,
    "m": false,
    "M": true
  },
  {
    "e": "trade",
    "E": 1705643297847,
    "s": "BTCUSDT",
    "t": 3379886321,
    "p": "41208.25000000",
    "q": "0.00031000",
    "b": 24393573202,
    "a": 24393570530,
    "T": 1705643297846,
    "m": false,
    "M": true
  },
  {
    "e": "trade",
    "E": 1705643297847,
    "s": "BTCUSDT",
    "t": 3379886322,
    "p": "41208.49000000",
    "q": "0.00031000",
    "b": 24393573202,
    "a": 24393570362,
    "T": 1705643297846,
    "m": false,
    "M": true
  },
  {
    "e": "trade",
    "E": 1705643297847,
    "s": "BTCUSDT",
    "t": 3379886323,
    "p": "41208.73000000",
    "q": "0.00031000",
    "b": 24393573202,
    "a": 24393570351,
    "T": 1705643297846,
    "m": false,
    "M": true
  },
  {
    "e": "trade",
    "E": 1705643297847,
    "s": "BTCUSDT",
    "t": 3379886324,
    "p": "41208.97000000",
    "q": "0.00031000",
    "b": 24393573202,
    "a": 24393570309,
    "T": 1705643297846,
    "m": false,
    "M": true
  },
  {
    "e": "trade",
    "E": 1705643297847,
    "s": "BTCUSDT",
    "t": 3379886325,
    "p": "41209.05000000",
    "q": "0.02427000",
    "b": 24393573202,
    "a": 24393572553,
    "T": 1705643297846,
    "m": false,
    "M": true
  },
  {
    "e": "trade",
    "E": 1705643297847,
    "s": "BTCUSDT",
    "t": 3379886326,
    "p": "41209.21000000",
    "q": "0.00031000",
    "b": 24393573202,
    "a": 24393570234,
    "T": 1705643297846,
    "m": false,
    "M": true
  },
  {
    "e": "trade",
    "E": 1705643297847,
    "s": "BTCUSDT",
    "t": 3379886327,
    "p": "41209.45000000",
    "q": "0.00031000",
    "b": 24393573202,
    "a": 24393570085,
    "T": 1705643297846,
    "m": false,
    "M": true
  },
  {
    "e": "trade",
    "E": 1705643297847,
    "s": "BTCUSDT",
    "t": 3379886328,
    "p": "41209.69000000",
    "q": "0.00031000",
    "b": 24393573202,
    "a": 24393569776,
    "T": 1705643297846,
    "m": false,
    "M": true
  },
  {
    "e": "trade",
    "E": 1705643297847,
    "s": "BTCUSDT",
    "t": 3379886329,
    "p": "41209.85000000",
    "q": "0.00726000",
    "b": 24393573202,
    "a": 24393570561,
    "T": 1705643297846,
    "m": false,
    "M": true
  },
  {
    "e": "trade",
    "E": 1705643297847,
    "s": "BTCUSDT",
    "t": 3379886330,
    "p": "41209.86000000",
    "q": "0.00550000",
    "b": 24393573202,
    "a": 24393568308,
    "T": 1705643297846,
    "m": false,
    "M": true
  },
  {
    "e": "trade",
    "E": 1705643297847,
    "s": "BTCUSDT",
    "t": 3379886331,
    "p": "41209.86000000",
    "q": "0.00002000",
    "b": 24393573202,
    "a": 24393567667,
    "T": 1705643297846,
    "m": false,
    "M": true
  },
  {
    "e": "trade",
    "E": 1705643297847,
    "s": "BTCUSDT",
    "t": 3379886332,
    "p": "41209.86000000",
    "q": "0.00731000",
    "b": 24393573202,
    "a": 24393568765,
    "T": 1705643297846,
    "m": false,
    "M": true
  },
  {
    "e": "trade",
    "E": 1705643297847,
    "s": "BTCUSDT",
    "t": 3379886333,
    "p": "41209.86000000",
    "q": "0.00063000",
    "b": 24393573202,
    "a": 24393568772,
    "T": 1705643297846,
    "m": false,
    "M": true
  },
  {
    "e": "trade",
    "E": 1705643297847,
    "s": "BTCUSDT",
    "t": 3379886334,
    "p": "41209.86000000",
    "q": "0.01349000",
    "b": 24393573202,
    "a": 24393568799,
    "T": 1705643297846,
    "m": false,
    "M": true
  },
  {
    "e": "trade",
    "E": 1705643297847,
    "s": "BTCUSDT",
    "t": 3379886335,
    "p": "41209.86000000",
    "q": "0.21116000",
    "b": 24393573202,
    "a": 24393568931,
    "T": 1705643297846,
    "m": false,
    "M": true
  },
  {
    "e": "trade",
    "E": 1705643297847,
    "s": "BTCUSDT",
    "t": 3379886336,
    "p": "41209.86000000",
    "q": "0.00731000",
    "b": 24393573202,
    "a": 24393568966,
    "T": 1705643297846,
    "m": false,
    "M": true
  },
  {
    "e": "trade",
    "E": 1705643297847,
    "s": "BTCUSDT",
    "t": 3379886337,
    "p": "41209.86000000",
    "q": "0.00731000",
    "b": 24393573202,
    "a": 24393568979,
    "T": 1705643297846,
    "m": false,
    "M": true
  },
  {
    "e": "trade",
    "E": 1705643297847,
    "s": "BTCUSDT",
    "t": 3379886338,
    "p": "41209.86000000",
    "q": "0.00036000",
    "b": 24393573202,
    "a": 24393568999,
    "T": 1705643297846,
    "m": false,
    "M": true
  },
  {
    "e": "trade",
    "E": 1705643297847,
    "s": "BTCUSDT",
    "t": 3379886339,
    "p": "41209.86000000",
    "q": "0.00666000",
    "b": 24393573202,
    "a": 24393570332,
    "T": 1705643297846,
    "m": false,
    "M": true
  },
  {
    "e": "trade",
    "E": 1705643297847,
    "s": "BTCUSDT",
    "t": 3379886340,
    "p": "41209.86000000",
    "q": "0.00041000",
    "b": 24393573202,
    "a": 24393570937,
    "T": 1705643297846,
    "m": false,
    "M": true
  },
  {
    "e": "trade",
    "E": 1705643297847,
    "s": "BTCUSDT",
    "t": 3379886341,
    "p": "41209.86000000",
    "q": "0.00731000",
    "b": 24393573202,
    "a": 24393568765,
    "T": 1705643297846,
    "m": false,
    "M": true
  },
  {
    "e": "trade",
    "E": 1705643297847,
    "s": "BTCUSDT",
    "t": 3379886342,
    "p": "41209.86000000",
    "q": "0.00731000",
    "b": 24393573202,
    "a": 24393568966,
    "T": 1705643297846,
    "m": false,
    "M": true
  },
  {
    "e": "trade",
    "E": 1705643297847,
    "s": "BTCUSDT",
    "t": 3379886343,
    "p": "41209.86000000",
    "q": "0.00609000",
    "b": 24393573202,
    "a": 24393568979,
    "T": 1705643297846,
    "m": false,
    "M": true
  },
  {
    "e": "trade",
    "E": 1705643297853,
    "s": "BTCUSDT",
    "t": 3379886344,
    "p": "41209.86000000",
    "q": "0.00122000",
    "b": 24393573265,
    "a": 24393568979,
    "T": 1705643297849,
    "m": false,
    "M": true
  },
  {
    "e": "trade",
    "E": 1705643297853,
    "s": "BTCUSDT",
    "t": 3379886345,
    "p": "41209.86000000",
    "q": "0.00731000",
    "b": 24393573265,
    "a": 24393568765,
    "T": 1705643297849,
    "m": false,
    "M": true
  },
  {
    "e": "trade",
    "E": 1705643297853,
    "s": "BTCUSDT",
    "t": 3379886346,
    "p": "41209.86000000",
    "q": "0.00731000",
    "b": 24393573265,
    "a": 24393568966,
    "T": 1705643297849,
    "m": false,
    "M": true
  },
  {
    "e": "trade",
    "E": 1705643297853,
    "s": "BTCUSDT",
    "t": 3379886347,
    "p": "41209.86000000",
    "q": "0.00731000",
    "b": 24393573265,
    "a": 24393568979,
    "T": 1705643297849,
    "m": false,
    "M": true
  },
  {
    "e": "trade",
    "E": 1705643297853,
    "s": "BTCUSDT",
    "t": 3379886348,
    "p": "41209.86000000",
    "q": "0.00731000",
    "b": 24393573265,
    "a": 24393568765,
    "T": 1705643297849,
    "m": false,
    "M": true
  },
  {
    "e": "trade",
    "E": 1705643297853,
    "s": "BTCUSDT",
    "t": 3379886349,
    "p": "41209.86000000",
    "q": "0.00731000",
    "b": 24393573265,
    "a": 24393568966,
    "T": 1705643297849,
    "m": false,
    "M": true
  },
  {
    "e": "trade",
    "E": 1705643297853,
    "s": "BTCUSDT",
    "t": 3379886350,
    "p": "41209.86000000",
    "q": "0.00731000",
    "b": 24393573265,
    "a": 24393568979,
    "T": 1705643297849,
    "m": false,
    "M": true
  },
  {
    "e": "trade",
    "E": 1705643297853,
    "s": "BTCUSDT",
    "t": 3379886351,
    "p": "41209.86000000",
    "q": "0.00731000",
    "b": 24393573265,
    "a": 24393568765,
    "T": 1705643297849,
    "m": false,
    "M": true
  },
  {
    "e": "trade",
    "E": 1705643297853,
    "s": "BTCUSDT",
    "t": 3379886352,
    "p": "41209.86000000",
    "q": "0.00731000",
    "b": 24393573265,
    "a": 24393568966,
    "T": 1705643297849,
    "m": false,
    "M": true
  },
  {
    "e": "trade",
    "E": 1705643297853,
    "s": "BTCUSDT",
    "t": 3379886353,
    "p": "41209.86000000",
    "q": "0.00731000",
    "b": 24393573265,
    "a": 24393568979,
    "T": 1705643297849,
    "m": false,
    "M": true
  },
  {
    "e": "trade",
    "E": 1705643297853,
    "s": "BTCUSDT",
    "t": 3379886354,
    "p": "41209.86000000",
    "q": "0.00731000",
    "b": 24393573265,
    "a": 24393568765,
    "T": 1705643297849,
    "m": false,
    "M": true
  },
  {
    "e": "trade",
    "E": 1705643297853,
    "s": "BTCUSDT",
    "t": 3379886355,
    "p": "41209.86000000",
    "q": "0.00731000",
    "b": 24393573265,
    "a": 24393568966,
    "T": 1705643297849,
    "m": false,
    "M": true
  },
  {
    "e": "trade",
    "E": 1705643297853,
    "s": "BTCUSDT",
    "t": 3379886356,
    "p": "41209.86000000",
    "q": "0.00731000",
    "b": 24393573265,
    "a": 24393568979,
    "T": 1705643297849,
    "m": false,
    "M": true
  },
  {
    "e": "trade",
    "E": 1705643297853,
    "s": "BTCUSDT",
    "t": 3379886357,
    "p": "41209.86000000",
    "q": "0.00731000",
    "b": 24393573265,
    "a": 24393568765,
    "T": 1705643297849,
    "m": false,
    "M": true
  },
  {
    "e": "trade",
    "E": 1705643297853,
    "s": "BTCUSDT",
    "t": 3379886358,
    "p": "41209.86000000",
    "q": "0.00145000",
    "b": 24393573265,
    "a": 24393568966,
    "T": 1705643297849,
    "m": false,
    "M": true
  },
  {
    "e": "trade",
    "E": 1705643297853,
    "s": "BTCUSDT",
    "t": 3379886359,
    "p": "41209.86000000",
    "q": "0.00731000",
    "b": 24393573265,
    "a": 24393568979,
    "T": 1705643297849,
    "m": false,
    "M": true
  },
  {
    "e": "trade",
    "E": 1705643297853,
    "s": "BTCUSDT",
    "t": 3379886360,
    "p": "41209.86000000",
    "q": "0.00676000",
    "b": 24393573265,
    "a": 24393568765,
    "T": 1705643297849,
    "m": false,
    "M": true
  },
  {
    "e": "trade",
    "E": 1705643297853,
    "s": "BTCUSDT",
    "t": 3379886361,
    "p": "41209.86000000",
    "q": "0.00671000",
    "b": 24393573265,
    "a": 24393568979,
    "T": 1705643297849,
    "m": false,
    "M": true
  },
  {
    "e": "trade",
    "E": 1705643297853,
    "s": "BTCUSDT",
    "t": 3379886362,
    "p": "41209.90000000",
    "q": "0.02071000",
    "b": 24393573265,
    "a": 24393569354,
    "T": 1705643297849,
    "m": false,
    "M": true
  },
  {
    "e": "trade",
    "E": 1705643297853,
    "s": "BTCUSDT",
    "t": 3379886363,
    "p": "41209.93000000",
    "q": "0.00031000",
    "b": 24393573265,
    "a": 24393569740,
    "T": 1705643297849,
    "m": false,
    "M": true
  },
  {
    "e": "trade",
    "E": 1705643297853,
    "s": "BTCUSDT",
    "t": 3379886364,
    "p": "41210.17000000",
    "q": "0.00031000",
    "b": 24393573265,
    "a": 24393566505,
    "T": 1705643297849,
    "m": false,
    "M": true
  },
  {
    "e": "trade",
    "E": 1705643297853,
    "s": "BTCUSDT",
    "t": 3379886365,
    "p": "41210.41000000",
    "q": "0.00031000",
    "b": 24393573265,
    "a": 24393567106,
    "T": 1705643297849,
    "m": false,
    "M": true
  },
  {
    "e": "trade",
    "E": 1705643297853,
    "s": "BTCUSDT",
    "t": 3379886366,
    "p": "41210.54000000",
    "q": "0.00026000",
    "b": 24393573265,
    "a": 24393570498,
    "T": 1705643297849,
    "m": false,
    "M": true
  },
  {
    "e": "trade",
    "E": 1705643297853,
    "s": "BTCUSDT",
    "t": 3379886367,
    "p": "41210.65000000",
    "q": "0.00031000",
    "b": 24393573265,
    "a": 24393567103,
    "T": 1705643297849,
    "m": false,
    "M": true
  },
  {
    "e": "trade",
    "E": 1705643297853,
    "s": "BTCUSDT",
    "t": 3379886368,
    "p": "41210.86000000",
    "q": "0.16599000",
    "b": 24393573265,
    "a": 24393572517,
    "T": 1705643297849,
    "m": false,
    "M": true
  },
  {
    "e": "trade",
    "E": 1705643297853,
    "s": "BTCUSDT",
    "t": 3379886369,
    "p": "41210.86000000",
    "q": "0.25004000",
    "b": 24393573265,
    "a": 24393573161,
    "T": 1705643297849,
    "m": false,
    "M": true
  },
  {
    "e": "trade",
    "E": 1705643297853,
    "s": "BTCUSDT",
    "t": 3379886370,
    "p": "41210.87000000",
    "q": "0.01000000",
    "b": 24393573265,
    "a": 24393570922,
    "T": 1705643297849,
    "m": false,
    "M": true
  },
  {
    "e": "trade",
    "E": 1705643297853,
    "s": "BTCUSDT",
    "t": 3379886371,
    "p": "41210.87000000",
    "q": "0.08000000",
    "b": 24393573265,
    "a": 24393572201,
    "T": 1705643297849,
    "m": false,
    "M": true
  },
  {
    "e": "trade",
    "E": 1705643297853,
    "s": "BTCUSDT",
    "t": 3379886372,
    "p": "41210.89000000",
    "q": "0.00031000",
    "b": 24393573265,
    "a": 24393567086,
    "T": 1705643297849,
    "m": false,
    "M": true
  },
  {
    "e": "trade",
    "E": 1705643297855,
    "s": "BTCUSDT",
    "t": 3379886373,
    "p": "41210.97000000",
    "q": "0.08000000",
    "b": 24393573301,
    "a": 24393572128,
    "T": 1705643297849,
    "m": false,
    "M": true
  },
  {
    "e": "trade",
    "E": 1705643297855,
    "s": "BTCUSDT",
    "t": 3379886374,
    "p": "41211.13000000",
    "q": "0.00031000",
    "b": 24393573301,
    "a": 24393567051,
    "T": 1705643297849,
    "m": false,
    "M": true
  },
  {
    "e": "trade",
    "E": 1705643297855,
    "s": "BTCUSDT",
    "t": 3379886375,
    "p": "41211.36000000",
    "q": "0.27665000",
    "b": 24393573301,
    "a": 24393572497,
    "T": 1705643297849,
    "m": false,
    "M": true
  },
  {
    "e": "trade",
    "E": 1705643297855,
    "s": "BTCUSDT",
    "t": 3379886376,
    "p": "41211.37000000",
    "q": "0.00031000",
    "b": 24393573301,
    "a": 24393567040,
    "T": 1705643297849,
    "m": false,
    "M": true
  },
  {
    "e": "trade",
    "E": 1705643297855,
    "s": "BTCUSDT",
    "t": 3379886377,
    "p": "41211.42000000",
    "q": "0.12000000",
    "b": 24393573301,
    "a": 24393573153,
    "T": 1705643297849,
    "m": false,
    "M": true
  },
  {
    "e": "trade",
    "E": 1705643297864,
    "s": "BTCUSDT",
    "t": 3379886378,
    "p": "41211.61000000",
    "q": "0.00031000",
    "b": 24393573356,
    "a": 24393567026,
    "T": 1705643297853,
    "m": false,
    "M": true
  },
  {
    "e": "trade",
    "E": 1705643297864,
    "s": "BTCUSDT",
    "t": 3379886379,
    "p": "41211.73000000",
    "q": "0.01065000",
    "b": 24393573356,
    "a": 24393570072,
    "T": 1705643297853,
    "m": false,
    "M": true
  },
  {
    "e": "trade",
    "E": 1705643297864,
    "s": "BTCUSDT",
    "t": 3379886380,
    "p": "41211.85000000",
    "q": "0.00031000",
    "b": 24393573356,
    "a": 24393566984,
    "T": 1705643297853,
    "m": false,
    "M": true
  },
  {
    "e": "trade",
    "E": 1705643297864,
    "s": "BTCUSDT",
    "t": 3379886381,
    "p": "41212.09000000",
    "q": "0.00031000",
    "b": 24393573356,
    "a": 24393566954,
    "T": 1705643297853,
    "m": false,
    "M": true
  },
  {
    "e": "trade",
    "E": 1705643297864,
    "s": "BTCUSDT",
    "t": 3379886382,
    "p": "41212.32000000",
    "q": "0.02000000",
    "b": 24393573356,
    "a": 24393573333,
    "T": 1705643297853,
    "m": false,
    "M": true
  },
  {
    "e": "trade",
    "E": 1705643297864,
    "s": "BTCUSDT",
    "t": 3379886383,
    "p": "41212.33000000",
    "q": "0.00031000",
    "b": 24393573356,
    "a": 24393566830,
    "T": 1705643297853,
    "m": false,
    "M": true
  },
  {
    "e": "trade",
    "E": 1705643297876,
    "s": "BTCUSDT",
    "t": 3379886384,
    "p": "41212.56000000",
    "q": "0.06516000",
    "b": 24393573496,
    "a": 24393567210,
    "T": 1705643297859,
    "m": false,
    "M": true
  },
  {
    "e": "trade",
    "E": 1705643297876,
    "s": "BTCUSDT",
    "t": 3379886385,
    "p": "41212.57000000",
    "q": "0.00031000",
    "b": 24393573496,
    "a": 24393566494,
    "T": 1705643297859,
    "m": false,
    "M": true
  },
  {
    "e": "trade",
    "E": 1705643297876,
    "s": "BTCUSDT",
    "t": 3379886386,
    "p": "41212.60000000",
    "q": "0.00048000",
    "b": 24393573496,
    "a": 24393573108,
    "T": 1705643297859,
    "m": false,
    "M": true
  },
  {
    "e": "trade",
    "E": 1705643297876,
    "s": "BTCUSDT",
    "t": 3379886387,
    "p": "41212.61000000",
    "q": "0.08729000",
    "b": 24393573496,
    "a": 24393573197,
    "T": 1705643297859,
    "m": false,
    "M": true
  },
  {
    "e": "trade",
    "E": 1705643297881,
    "s": "BTCUSDT",
    "t": 3379886388,
    "p": "41212.61000000",
    "q": "0.06601000",
    "b": 24393573539,
    "a": 24393573197,
    "T": 1705643297862,
    "m": false,
    "M": true
  },
  {
    "e": "trade",
    "E": 1705643297881,
    "s": "BTCUSDT",
    "t": 3379886389,
    "p": "41212.81000000",
    "q": "0.00031000",
    "b": 24393573539,
    "a": 24393567105,
    "T": 1705643297862,
    "m": false,
    "M": true
  },
  {
    "e": "trade",
    "E": 1705643297881,
    "s": "BTCUSDT",
    "t": 3379886390,
    "p": "41213.05000000",
    "q": "0.00031000",
    "b": 24393573539,
    "a": 24393567087,
    "T": 1705643297862,
    "m": false,
    "M": true
  },
  {
    "e": "trade",
    "E": 1705643297899,
    "s": "BTCUSDT",
    "t": 3379886391,
    "p": "41213.17000000",
    "q": "0.06000000",
    "b": 24393573674,
    "a": 24393573533,
    "T": 1705643297873,
    "m": false,
    "M": true
  },
  {
    "e": "trade",
    "E": 1705643297899,
    "s": "BTCUSDT",
    "t": 3379886392,
    "p": "41213.29000000",
    "q": "0.00031000",
    "b": 24393573674,
    "a": 24393567050,
    "T": 1705643297873,
    "m": false,
    "M": true
  },
  {
    "e": "trade",
    "E": 1705643297899,
    "s": "BTCUSDT",
    "t": 3379886393,
    "p": "41213.53000000",
    "q": "0.00031000",
    "b": 24393573674,
    "a": 24393567038,
    "T": 1705643297873,
    "m": false,
    "M": true
  },
  {
    "e": "trade",
    "E": 1705643297911,
    "s": "BTCUSDT",
    "t": 3379886394,
    "p": "41213.77000000",
    "q": "0.00031000",
    "b": 24393573784,
    "a": 24393567025,
    "T": 1705643297880,
    "m": false,
    "M": true
  },
  {
    "e": "trade",
    "E": 1705643297911,
    "s": "BTCUSDT",
    "t": 3379886395,
    "p": "41214.01000000",
    "q": "0.00031000",
    "b": 24393573784,
    "a": 24393567004,
    "T": 1705643297880,
    "m": false,
    "M": true
  },
  {
    "e": "trade",
    "E": 1705643297920,
    "s": "BTCUSDT",
    "t": 3379886396,
    "p": "41214.05000000",
    "q": "0.00048000",
    "b": 24393573861,
    "a": 24393573111,
    "T": 1705643297887,
    "m": false,
    "M": true
  },
  {
    "e": "trade",
    "E": 1705643297920,
    "s": "BTCUSDT",
    "t": 3379886397,
    "p": "41214.25000000",
    "q": "0.00031000",
    "b": 24393573861,
    "a": 24393566980,
    "T": 1705643297887,
    "m": false,
    "M": true
  },
  {
    "e": "trade",
    "E": 1705643297920,
    "s": "BTCUSDT",
    "t": 3379886398,
    "p": "41214.31000000",
    "q": "0.06000000",
    "b": 24393573861,
    "a": 24393573656,
    "T": 1705643297887,
    "m": false,
    "M": true
  },
  {
    "e": "trade",
    "E": 1705643297920,
    "s": "BTCUSDT",
    "t": 3379886399,
    "p": "41214.42000000",
    "q": "0.00013000",
    "b": 24393573861,
    "a": 24393568076,
    "T": 1705643297887,
    "m": false,
    "M": true
  },
  {
    "e": "trade",
    "E": 1705643297920,
    "s": "BTCUSDT",
    "t": 3379886400,
    "p": "41214.49000000",
    "q": "0.00031000",
    "b": 24393573861,
    "a": 24393566965,
    "T": 1705643297887,
    "m": false,
    "M": true
  },
  {
    "e": "trade",
    "E": 1705643297920,
    "s": "BTCUSDT",
    "t": 3379886401,
    "p": "41214.56000000",
    "q": "0.00048000",
    "b": 24393573861,
    "a": 24393572342,
    "T": 1705643297887,
    "m": false,
    "M": true
  },
  {
    "e": "trade",
    "E": 1705643297920,
    "s": "BTCUSDT",
    "t": 3379886402,
    "p": "41214.58000000",
    "q": "0.05000000",
    "b": 24393573861,
    "a": 24393571410,
    "T": 1705643297887,
    "m": false,
    "M": true
  },
  {
    "e": "trade",
    "E": 1705643297920,
    "s": "BTCUSDT",
    "t": 3379886403,
    "p": "41214.73000000",
    "q": "0.00031000",
    "b": 24393573861,
    "a": 24393566870,
    "T": 1705643297887,
    "m": false,
    "M": true
  },
  {
    "e": "trade",
    "E": 1705643297920,
    "s": "BTCUSDT",
    "t": 3379886404,
    "p": "41214.94000000",
    "q": "0.01000000",
    "b": 24393573861,
    "a": 24393572630,
    "T": 1705643297887,
    "m": false,
    "M": true
  },
  {
    "e": "trade",
    "E": 1705643297920,
    "s": "BTCUSDT",
    "t": 3379886405,
    "p": "41214.97000000",
    "q": "0.00031000",
    "b": 24393573861,
    "a": 24393566525,
    "T": 1705643297887,
    "m": false,
    "M": true
  },
  {
    "e": "trade",
    "E": 1705643297920,
    "s": "BTCUSDT",
    "t": 3379886406,
    "p": "41215.21000000",
    "q": "0.00031000",
    "b": 24393573861,
    "a": 24393567102,
    "T": 1705643297887,
    "m": false,
    "M": true
  },
  {
    "e": "trade",
    "E": 1705643297926,
    "s": "BTCUSDT",
    "t": 3379886407,
    "p": "41215.30000000",
    "q": "0.00049000",
    "b": 24393573882,
    "a": 24393572402,
    "T": 1705643297889,
    "m": false,
    "M": true
  },
  {
    "e": "trade",
    "E": 1705643297926,
    "s": "BTCUSDT",
    "t": 3379886408,
    "p": "41215.45000000",
    "q": "0.00031000",
    "b": 24393573882,
    "a": 24393567088,
    "T": 1705643297889,
    "m": false,
    "M": true
  },
  {
    "e": "trade",
    "E": 1705643297926,
    "s": "BTCUSDT",
    "t": 3379886409,
    "p": "41215.59000000",
    "q": "0.00049000",
    "b": 24393573882,
    "a": 24393572439,
    "T": 1705643297889,
    "m": false,
    "M": true
  },
  {
    "e": "trade",
    "E": 1705643297926,
    "s": "BTCUSDT",
    "t": 3379886410,
    "p": "41215.69000000",
    "q": "0.00031000",
    "b": 24393573882,
    "a": 24393567049,
    "T": 1705643297889,
    "m": false,
    "M": true
  },
  {
    "e": "trade",
    "E": 1705643297940,
    "s": "BTCUSDT",
    "t": 3379886411,
    "p": "41215.93000000",
    "q": "0.00031000",
    "b": 24393573930,
    "a": 24393567037,
    "T": 1705643297895,
    "m": false,
    "M": true
  },
  {
    "e": "trade",
    "E": 1705643297951,
    "s": "BTCUSDT",
    "t": 3379886412,
    "p": "41216.16000000",
    "q": "0.08485000",
    "b": 24393574006,
    "a": 24393573913,
    "T": 1705643297901,
    "m": false,
    "M": true
  },
  {
    "e": "trade",
    "E": 1705643297951,
    "s": "BTCUSDT",
    "t": 3379886413,
    "p": "41216.17000000",
    "q": "0.00031000",
    "b": 24393574006,
    "a": 24393567027,
    "T": 1705643297901,
    "m": false,
    "M": true
  },
  {
    "e": "trade",
    "E": 1705643297951,
    "s": "BTCUSDT",
    "t": 3379886414,
    "p": "41216.41000000",
    "q": "0.00031000",
    "b": 24393574006,
    "a": 24393567005,
    "T": 1705643297901,
    "m": false,
    "M": true
  },
  {
    "e": "trade",
    "E": 1705643297951,
    "s": "BTCUSDT",
    "t": 3379886415,
    "p": "41216.48000000",
    "q": "0.00013000",
    "b": 24393574006,
    "a": 24393566531,
    "T": 1705643297901,
    "m": false,
    "M": true
  },
  {
    "e": "trade",
    "E": 1705643297951,
    "s": "BTCUSDT",
    "t": 3379886416,
    "p": "41216.59000000",
    "q": "0.17761000",
    "b": 24393574006,
    "a": 24393573854,
    "T": 1705643297901,
    "m": false,
    "M": true
  },
  {
    "e": "trade",
    "E": 1705643297993,
    "s": "BTCUSDT",
    "t": 3379886417,
    "p": "41216.58000000",
    "q": "0.00020000",
    "b": 24393574143,
    "a": 24393574181,
    "T": 1705643297932,
    "m": true,
    "M": true
  },
  {
    "e": "trade",
    "E": 1705643298032,
    "s": "BTCUSDT",
    "t": 3379886418,
    "p": "41216.65000000",
    "q": "0.00031000",
    "b": 24393574363,
    "a": 24393566972,
    "T": 1705643297979,
    "m": false,
    "M": true
  },
  {
    "e": "trade",
    "E": 1705643298032,
    "s": "BTCUSDT",
    "t": 3379886419,
    "p": "41216.74000000",
    "q": "0.00207000",
    "b": 24393574363,
    "a": 24393573975,
    "T": 1705643297979,
    "m": false,
    "M": true
  },
  {
    "e": "trade",
    "E": 1705643298041,
    "s": "BTCUSDT",
    "t": 3379886420,
    "p": "41216.74000000",
    "q": "0.00278000",
    "b": 24393574393,
    "a": 24393573975,
    "T": 1705643297988,
    "m": false,
    "M": true
  },
  {
    "e": "trade",
    "E": 1705643298041,
    "s": "BTCUSDT",
    "t": 3379886421,
    "p": "41216.89000000",
    "q": "0.00031000",
    "b": 24393574393,
    "a": 24393566922,
    "T": 1705643297988,
    "m": false,
    "M": true
  },
  {
    "e": "trade",
    "E": 1705643298041,
    "s": "BTCUSDT",
    "t": 3379886422,
    "p": "41217.13000000",
    "q": "0.00031000",
    "b": 24393574393,
    "a": 24393566677,
    "T": 1705643297988,
    "m": false,
    "M": true
  },
  {
    "e": "trade",
    "E": 1705643298041,
    "s": "BTCUSDT",
    "t": 3379886423,
    "p": "41217.37000000",
    "q": "0.00031000",
    "b": 24393574393,
    "a": 24393566416,
    "T": 1705643297988,
    "m": false,
    "M": true
  },
  {
    "e": "trade",
    "E": 1705643298041,
    "s": "BTCUSDT",
    "t": 3379886424,
    "p": "41217.61000000",
    "q": "0.00031000",
    "b": 24393574393,
    "a": 24393567018,
    "T": 1705643297988,
    "m": false,
    "M": true
  },
  {
    "e": "trade",
    "E": 1705643298041,
    "s": "BTCUSDT",
    "t": 3379886425,
    "p": "41217.85000000",
    "q": "0.00031000",
    "b": 24393574393,
    "a": 24393566974,
    "T": 1705643297988,
    "m": false,
    "M": true
  },
  {
    "e": "trade",
    "E": 1705643298041,
    "s": "BTCUSDT",
    "t": 3379886426,
    "p": "41217.97000000",
    "q": "0.00021000",
    "b": 24393574393,
    "a": 24393566420,
    "T": 1705643297988,
    "m": false,
    "M": true
  },
  {
    "e": "trade",
    "E": 1705643298041,
    "s": "BTCUSDT",
    "t": 3379886427,
    "p": "41217.99000000",
    "q": "0.00584000",
    "b": 24393574393,
    "a": 24393574295,
    "T": 1705643297988,
    "m": false,
    "M": true
  },
  {
    "e": "trade",
    "E": 1705643298067,
    "s": "BTCUSDT",
    "t": 3379886428,
    "p": "41218.00000000",
    "q": "0.01384000",
    "b": 24393574532,
    "a": 24393574147,
    "T": 1705643298021,
    "m": false,
    "M": true
  },
  {
    "e": "trade",
    "E": 1705643298096,
    "s": "BTCUSDT",
    "t": 3379886429,
    "p": "41217.99000000",
    "q": "0.00020000",
    "b": 24393574400,
    "a": 24393574668,
    "T": 1705643298060,
    "m": true,
    "M": true
  },
  {
    "e": "trade",
    "E": 1705643298129,
    "s": "BTCUSDT",
    "t": 3379886430,
    "p": "41218.08000000",
    "q": "0.00020000",
    "b": 24393574732,
    "a": 24393574794,
    "T": 1705643298093,
    "m": true,
    "M": true
  },
  {
    "e": "trade",
    "E": 1705643298148,
    "s": "BTCUSDT",
    "t": 3379886431,
    "p": "41218.09000000",
    "q": "0.00031000",
    "b": 24393574842,
    "a": 24393566923,
    "T": 1705643298115,
    "m": false,
    "M": true
  },
  {
    "e": "trade",
    "E": 1705643298148,
    "s": "BTCUSDT",
    "t": 3379886432,
    "p": "41218.33000000",
    "q": "0.00031000",
    "b": 24393574842,
    "a": 24393566662,
    "T": 1705643298115,
    "m": false,
    "M": true
  },
  {
    "e": "trade",
    "E": 1705643298148,
    "s": "BTCUSDT",
    "t": 3379886433,
    "p": "41218.57000000",
    "q": "0.00031000",
    "b": 24393574842,
    "a": 24393567109,
    "T": 1705643298115,
    "m": false,
    "M": true
  },
  {
    "e": "trade",
    "E": 1705643298148,
    "s": "BTCUSDT",
    "t": 3379886434,
    "p": "41218.81000000",
    "q": "0.00031000",
    "b": 24393574842,
    "a": 24393567104,
    "T": 1705643298115,
    "m": false,
    "M": true
  },
  {
    "e": "trade",
    "E": 1705643298148,
    "s": "BTCUSDT",
    "t": 3379886435,
    "p": "41218.99000000",
    "q": "0.00282000",
    "b": 24393574842,
    "a": 24393574728,
    "T": 1705643298115,
    "m": false,
    "M": true
  },
  {
    "e": "trade",
    "E": 1705643298369,
    "s": "BTCUSDT",
    "t": 3379886436,
    "p": "41218.98000000",
    "q": "0.00500000",
    "b": 24393574864,
    "a": 24393575093,
    "T": 1705643298368,
    "m": true,
    "M": true
  },
  {
    "e": "trade",
    "E": 1705643298454,
    "s": "BTCUSDT",
    "t": 3379886437,
    "p": "41218.99000000",
    "q": "0.12130000",
    "b": 24393575128,
    "a": 24393575020,
    "T": 1705643298453,
    "m": false,
    "M": true
  },
  {
    "e": "trade",
    "E": 1705643298454,
    "s": "BTCUSDT",
    "t": 3379886438,
    "p": "41219.05000000",
    "q": "0.00031000",
    "b": 24393575128,
    "a": 24393567097,
    "T": 1705643298453,
    "m": false,
    "M": true
  },
  {
    "e": "trade",
    "E": 1705643298458,
    "s": "BTCUSDT",
    "t": 3379886439,
    "p": "41219.29000000",
    "q": "0.00031000",
    "b": 24393575143,
    "a": 24393567060,
    "T": 1705643298456,
    "m": false,
    "M": true
  },
  {
    "e": "trade",
    "E": 1705643298458,
    "s": "BTCUSDT",
    "t": 3379886440,
    "p": "41219.53000000",
    "q": "0.00031000",
    "b": 24393575143,
    "a": 24393567045,
    "T": 1705643298456,
    "m": false,
    "M": true
  },
  {
    "e": "trade",
    "E": 1705643298458,
    "s": "BTCUSDT",
    "t": 3379886441,
    "p": "41219.77000000",
    "q": "0.00031000",
    "b": 24393575143,
    "a": 24393566379,
    "T": 1705643298456,
    "m": false,
    "M": true
  },
  {
    "e": "trade",
    "E": 1705643298493,
    "s": "BTCUSDT",
    "t": 3379886442,
    "p": "41220.01000000",
    "q": "0.00031000",
    "b": 24393575307,
    "a": 24393567034,
    "T": 1705643298480,
    "m": false,
    "M": true
  },
  {
    "e": "trade",
    "E": 1705643298503,
    "s": "BTCUSDT",
    "t": 3379886443,
    "p": "41220.02000000",
    "q": "0.06526000",
    "b": 24393575314,
    "a": 24393575339,
    "T": 1705643298490,
    "m": true,
    "M": true
  },
  {
    "e": "trade",
    "E": 1705643298509,
    "s": "BTCUSDT",
    "t": 3379886444,
    "p": "41220.03000000",
    "q": "0.00013000",
    "b": 24393575364,
    "a": 24393575308,
    "T": 1705643298496,
    "m": false,
    "M": true
  },
  {
    "e": "trade",
    "E": 1705643298586,
    "s": "BTCUSDT",
    "t": 3379886445,
    "p": "41220.16000000",
    "q": "0.00240000",
    "b": 24393575500,
    "a": 24393563519,
    "T": 1705643298586,
    "m": false,
    "M": true
  },
  {
    "e": "trade",
    "E": 1705643298586,
    "s": "BTCUSDT",
    "t": 3379886446,
    "p": "41220.16000000",
    "q": "0.00036000",
    "b": 24393575500,
    "a": 24393563699,
    "T": 1705643298586,
    "m": false,
    "M": true
  },
  {
    "e": "trade",
    "E": 1705643298586,
    "s": "BTCUSDT",
    "t": 3379886447,
    "p": "41220.16000000",
    "q": "0.00083000",
    "b": 24393575500,
    "a": 24393564758,
    "T": 1705643298586,
    "m": false,
    "M": true
  },
  {
    "e": "trade",
    "E": 1705643298586,
    "s": "BTCUSDT",
    "t": 3379886448,
    "p": "41220.16000000",
    "q": "0.00666000",
    "b": 24393575500,
    "a": 24393566511,
    "T": 1705643298586,
    "m": false,
    "M": true
  },
  {
    "e": "trade",
    "E": 1705643298586,
    "s": "BTCUSDT",
    "t": 3379886449,
    "p": "41220.16000000",
    "q": "0.00291000",
    "b": 24393575500,
    "a": 24393567894,
    "T": 1705643298586,
    "m": false,
    "M": true
  },
  {
    "e": "trade",
    "E": 1705643298586,
    "s": "BTCUSDT",
    "t": 3379886450,
    "p": "41220.25000000",
    "q": "0.00031000",
    "b": 24393575500,
    "a": 24393562891,
    "T": 1705643298586,
    "m": false,
    "M": true
  },
  {
    "e": "trade",
    "E": 1705643298586,
    "s": "BTCUSDT",
    "t": 3379886451,
    "p": "41220.49000000",
    "q": "0.00031000",
    "b": 24393575500,
    "a": 24393562917,
    "T": 1705643298586,
    "m": false,
    "M": true
  },
  {
    "e": "trade",
    "E": 1705643298586,
    "s": "BTCUSDT",
    "t": 3379886452,
    "p": "41220.73000000",
    "q": "0.00031000",
    "b": 24393575500,
    "a": 24393562982,
    "T": 1705643298586,
    "m": false,
    "M": true
  },
  {
    "e": "trade",
    "E": 1705643298586,
    "s": "BTCUSDT",
    "t": 3379886453,
    "p": "41220.97000000",
    "q": "0.00031000",
    "b": 24393575500,
    "a": 24393563007,
    "T": 1705643298586,
    "m": false,
    "M": true
  },
  {
    "e": "trade",
    "E": 1705643298586,
    "s": "BTCUSDT",
    "t": 3379886454,
    "p": "41221.08000000",
    "q": "0.00666000",
    "b": 24393575500,
    "a": 24393575161,
    "T": 1705643298586,
    "m": false,
    "M": true
  },
  {
    "e": "trade",
    "E": 1705643298642,
    "s": "BTCUSDT",
    "t": 3379886455,
    "p": "41221.09000000",
    "q": "0.00024000",
    "b": 24393575500,
    "a": 24393575560,
    "T": 1705643298641,
    "m": true,
    "M": true
  },
  {
    "e": "trade",
    "E": 1705643298669,
    "s": "BTCUSDT",
    "t": 3379886456,
    "p": "41221.09000000",
    "q": "0.00034000",
    "b": 24393575500,
    "a": 24393575601,
    "T": 1705643298668,
    "m": true,
    "M": true
  },
  {
    "e": "trade",
    "E": 1705643298694,
    "s": "BTCUSDT",
    "t": 3379886457,
    "p": "41221.09000000",
    "q": "0.00019000",
    "b": 24393575500,
    "a": 24393575615,
    "T": 1705643298694,
    "m": true,
    "M": true
  },
  {
    "e": "trade",
    "E": 1705643298717,
    "s": "BTCUSDT",
    "t": 3379886458,
    "p": "41221.09000000",
    "q": "0.00034000",
    "b": 24393575500,
    "a": 24393575628,
    "T": 1705643298717,
    "m": true,
    "M": true
  },
  {
    "e": "trade",
    "E": 1705643299564,
    "s": "BTCUSDT",
    "t": 3379886459,
    "p": "41221.10000000",
    "q": "0.00046000",
    "b": 24393575911,
    "a": 24393477015,
    "T": 1705643299564,
    "m": false,
    "M": true
  }
]