[
  {
    "e": "trade",
    "E": 1705646893672,
    "s": "BTCUSDT",
    "t": 3379922042,
    "p": "41443.99000000",
    "q": "0.02400000",
    "b": 24394050737,
    "a": 24394052185,
    "T": 1705646893672,
    "m": true,
    "M": true
  },
  {
    "e": "trade",
    "E": 1705646894472,
    "s": "BTCUSDT",
    "t": 3379922043,
    "p": "41444.00000000",
    "q": "0.07380000",
    "b": 24394052235,
    "a": 24394051789,
    "T": 1705646894471,
    "m": false,
    "M": true
  },
  {
    "e": "trade",
    "E": 1705646894472,
    "s": "BTCUSDT",
    "t": 3379922044,
    "p": "41444.00000000",
    "q": "0.00049000",
    "b": 24394052235,
    "a": 24394051825,
    "T": 1705646894471,
    "m": false,
    "M": true
  },
  {
    "e": "trade",
    "E": 1705646894472,
    "s": "BTCUSDT",
    "t": 3379922045,
    "p": "41444.00000000",
    "q": "0.00133000",
    "b": 24394052235,
    "a": 24394051853,
    "T": 1705646894471,
    "m": false,
    "M": true
  },
  {
    "e": "trade",
    "E": 1705646894472,
    "s": "BTCUSDT",
    "t": 3379922046,
    "p": "41444.00000000",
    "q": "0.00932000",
    "b": 24394052235,
    "a": 24394051885,
    "T": 1705646894471,
    "m": false,
    "M": true
  },
  {
    "e": "trade",
    "E": 1705646894472,
    "s": "BTCUSDT",
    "t": 3379922047,
    "p": "41444.00000000",
    "q": "0.09690000",
    "b": 24394052235,
    "a": 24394051890,
    "T": 1705646894471,
    "m": false,
    "M": true
  },
  {
    "e": "trade",
    "E": 1705646894472,
    "s": "BTCUSDT",
    "t": 3379922048,
    "p": "41444.00000000",
    "q": "0.01816000",
    "b": 24394052235,
    "a": 24394051909,
    "T": 1705646894471,
    "m": false,
    "M": true
  },
  {
    "e": "trade",
    "E": 1705646894500,
    "s": "BTCUSDT",
    "t": 3379922049,
    "p": "41444.00000000",
    "q": "0.02183000",
    "b": 24394052251,
    "a": 24394051910,
    "T": 1705646894499,
    "m": false,
    "M": true
  },
  {
    "e": "trade",
    "E": 1705646894500,
    "s": "BTCUSDT",
    "t": 3379922050,
    "p": "41444.00000000",
    "q": "0.00517000",
    "b": 24394052251,
    "a": 24394051943,
    "T": 1705646894499,
    "m": false,
    "M": true
  },
  {
    "e": "trade",
    "E": 1705646894870,
    "s": "BTCUSDT",
    "t": 3379922051,
    "p": "41444.00000000",
    "q": "0.00210000",
    "b": 24394052305,
    "a": 24394051943,
    "T": 1705646894870,
    "m": false,
    "M": true
  },
  {
    "e": "trade",
    "E": 1705646894965,
    "s": "BTCUSDT",
    "t": 3379922052,
    "p": "41443.99000000",
    "q": "0.00020000",
    "b": 24394050737,
    "a": 24394052307,
    "T": 1705646894965,
    "m": true,
    "M": true
  },
  {
    "e": "trade",
    "E": 1705646894990,
    "s": "BTCUSDT",
    "t": 3379922053,
    "p": "41443.99000000",
    "q": "0.00020000",
    "b": 24394050737,
    "a": 24394052312,
    "T": 1705646894989,
    "m": true,
    "M": true
  },
  {
    "e": "trade",
    "E": 1705646895014,
    "s": "BTCUSDT",
    "t": 3379922054,
    "p": "41443.99000000",
    "q": "0.00020000",
    "b": 24394050737,
    "a": 24394052314,
    "T": 1705646895013,
    "m": true,
    "M": true
  },
  {
    "e": "trade",
    "E": 1705646895033,
    "s": "BTCUSDT",
    "t": 3379922055,
    "p": "41444.00000000",
    "q": "0.00241000",
    "b": 24394052317,
    "a": 24394051943,
    "T": 1705646895033,
    "m": false,
    "M": true
  },
  {
    "e": "trade",
    "E": 1705646895037,
    "s": "BTCUSDT",
    "t": 3379922056,
    "p": "41443.99000000",
    "q": "0.00020000",
    "b": 24394050737,
    "a": 24394052318,
    "T": 1705646895036,
    "m": true,
    "M": true
  },
  {
    "e": "trade",
    "E": 1705646895063,
    "s": "BTCUSDT",
    "t": 3379922057,
    "p": "41443.99000000",
    "q": "0.00020000",
    "b": 24394050737,
    "a": 24394052320,
    "T": 1705646895063,
    "m": true,
    "M": true
  },
  {
    "e": "trade",
    "E": 1705646895087,
    "s": "BTCUSDT",
    "t": 3379922058,
    "p": "41443.99000000",
    "q": "0.00020000",
    "b": 24394050737,
    "a": 24394052323,
    "T": 1705646895086,
    "m": true,
    "M": true
  },
  {
    "e": "trade",
    "E": 1705646895097,
    "s": "BTCUSDT",
    "t": 3379922059,
    "p": "41443.99000000",
    "q": "0.00029000",
    "b": 24394050737,
    "a": 24394052324,
    "T": 1705646895096,
    "m": true,
    "M": true
  },
  {
    "e": "trade",
    "E": 1705646895106,
    "s": "BTCUSDT",
    "t": 3379922060,
    "p": "41443.99000000",
    "q": "0.00019000",
    "b": 24394050737,
    "a": 24394052325,
    "T": 1705646895105,
    "m": true,
    "M": true
  },
  {
    "e": "trade",
    "E": 1705646895111,
    "s": "BTCUSDT",
    "t": 3379922061,
    "p": "41443.99000000",
    "q": "0.00020000",
    "b": 24394050737,
    "a": 24394052326,
    "T": 1705646895110,
    "m": true,
    "M": true
  },
  {
    "e": "trade",
    "E": 1705646896089,
    "s": "BTCUSDT",
    "t": 3379922062,
    "p": "41443.99000000",
    "q": "0.12064000",
    "b": 24394050760,
    "a": 24394052409,
    "T": 1705646896086,
    "m": true,
    "M": true
  }
]